@misc{google_firebase, title={Documentation  |  Firebase}, url={https://firebase.google.com/docs/}, journal={Google}, publisher={Google}}
@misc{esplin_2016, title={Firebase Authentication for Web â€“ How To Firebase}, url={https://howtofirebase.com/firebase-authentication-for-web-d58aad62cf6d}, journal={How To Firebase}, publisher={How To Firebase}, author={Esplin, Chris}, year={2016}, month={Dec}}
@misc{stamas_2017, title={Continuous Integration with Travis CI}, url={https://medium.com/@katestamas/continuous-integration-with-travis-ci-fbf3b8aa3947}, journal={medium.com}, publisher={medium}, author={Stamas, Kate}, year={2017}, month={Dec}}
@misc{dwyl, title={Learn Travis}, url={https://github.com/dwyl/learn-travis}, journal={learn-travis}, publisher={GitHub/dwyl}, author={dwyl}}
@article{xkcd_success, title={Success}, url={ https://xkcd.com/349/}, journal={XKCD}, author={Munroe, Randall}}
@misc{angular_docs, title={Angular Docs}, url={https://angular.io/}, journal={Angular Docs}, publisher={Google Inc.}}

@misc{amazon_cloudfront, title={Use CloudFront to Serve a Static Website}, url={https://aws.amazon.com/premiumsupport/knowledge-center/cloudfront-serve-static-website/}, journal={Amazon}, publisher={Amazon}}
%% Github Repositories %%
@misc{frontend_repo,
  author = {HackPSU Tech},
  title = {HackPSU Frontend},
  year = {2018},
  publisher = {GitHub},
  journal = {GitHub repository},
  howpublished = {\url{https://github.com/Hack-PSU/hackPSU-Frontend}}
}